% This file was created with JabRef 2.10.
% Encoding: UTF8


@InProceedings{Abdullah2009,
  Title                    = {A Hybridization of Electromagnetic-Like Mechanism and Great Deluge
 for Examination Timetabling Problems},
  Author                   = {Salwani Abdullah and
 Hamza Turabieh and
 Barry McCollum},
  Booktitle                = {Hybrid Metaheuristics, 6th International Workshop, {HM} 2009, Udine,
 Italy, October 16-17, 2009. Proceedings},
  Year                     = {2009},
  Pages                    = {60--72},

  Bibsource                = {dblp computer science bibliography, http://dblp.org},
  Biburl                   = {http://dblp.uni-trier.de/rec/bib/conf/hm/AbdullahTM09},
  Crossref                 = {DBLP:conf/hm/2009},
  Doi                      = {10.1007/978-3-642-04918-7_5},
  Timestamp                = {Mon, 12 Oct 2009 12:41:52 +0200},
  Url                      = {http://dx.doi.org/10.1007/978-3-642-04918-7_5}
}

@InProceedings{Javadian2008,
  Title                    = {A Discrete Binary Version of the Electromagnetism-Like Heuristic for
 Solving Traveling Salesman Problem},
  Author                   = {Nikbakhsh Javadian and
 Mohsen Gol Alikhani and
 Reza Tavakkoli{-}Moghaddam},
  Booktitle                = {Advanced Intelligent Computing Theories and Applications. With Aspects
 of Artificial Intelligence, 4th International Conference on Intelligent
 Computing, {ICIC} 2008, Shanghai, China, September 15-18, 2008, Proceedings},
  Year                     = {2008},
  Pages                    = {123--130},

  Bibsource                = {dblp computer science bibliography, http://dblp.org},
  Biburl                   = {http://dblp.uni-trier.de/rec/bib/conf/icic/JavadianAT08},
  Crossref                 = {DBLP:conf/icic/2008-2},
  Doi                      = {10.1007/978-3-540-85984-0_16},
  Timestamp                = {Thu, 11 Sep 2008 09:38:46 +0200},
  Url                      = {http://dx.doi.org/10.1007/978-3-540-85984-0_16}
}

@Article{Abdullah2013,
  Title                    = {A Hybrid Self-Ddaptive Bees Algorithm for Examination Timetabling Problems},
  Author                   = {Salwani Abdullah and
 Malek Alzaqebah},
  Journal                  = {Appl. Soft Comput.},
  Year                     = {2013},
  Number                   = {8},
  Pages                    = {3608--3620},
  Volume                   = {13},

  Bibsource                = {dblp computer science bibliography, http://dblp.org},
  Biburl                   = {http://dblp.uni-trier.de/rec/bib/journals/asc/AbdullahA13},
  Doi                      = {10.1016/j.asoc.2013.04.010},
  Timestamp                = {Tue, 25 Nov 4432251 01:59:44 +},
  Url                      = {http://dx.doi.org/10.1016/j.asoc.2013.04.010}
}

@Book{Arora2009,
  Title                    = {Computational Complexity - {A} Modern Approach},
  Author                   = {Sanjeev Arora and
 Boaz Barak},
  Publisher                = {Cambridge University Press},
  Year                     = {2009},

  Bibsource                = {dblp computer science bibliography, http://dblp.org},
  Biburl                   = {http://dblp.uni-trier.de/rec/bib/books/daglib/0023084},
  ISBN                     = {978-0-521-42426-4},
  Timestamp                = {Thu, 21 Aug 4444177 16:36:48 +},
  Url                      = {http://www.cambridge.org/catalogue/catalogue.asp?isbn=9780521424264}
}

@Other{Drools,
  Title                    = {Drools Planner User Guide},
  Author                   = {The JBoss Drools},
  Timestamp                = {2015.03.07},
  Url                      = {http://docs.jboss.org/drools/release/5.4.0.Final/drools-planner-docs/html_single/}
}

@Article{Dueck1993,
  Title                    = {New Optimization Heuristics: The Great Deluge Algorithm and the Record-to-Record Travel},
  Author                   = {Gunter Dueck},
  Journal                  = {Journal of Computational Physics},
  Year                     = {1993},

  Timestamp                = {2015.03.03}
}

@Article{Gogos2012,
  Title                    = {An Improved Multi-Staged Algorithmic Process for the Solution of the
 Examination Timetabling Problem},
  Author                   = {Christos Gogos and
 Panayiotis Alefragis and
 Efthymios Housos},
  Journal                  = {Annals {OR}},
  Year                     = {2012},
  Number                   = {1},
  Pages                    = {203--221},
  Volume                   = {194},

  Bibsource                = {dblp computer science bibliography, http://dblp.org},
  Biburl                   = {http://dblp.uni-trier.de/rec/bib/journals/anor/GogosAH12},
  Doi                      = {10.1007/s10479-010-0712-3},
  Timestamp                = {Mon, 09 Sep 4460735 09:36:32 +},
  Url                      = {http://dx.doi.org/10.1007/s10479-010-0712-3}
}

@PhdThesis{Ibaraki2007,
  Title                    = {ITC-2007 Track2: An Approach using General CSP Solver},
  Author                   = {Mitsunori Atsuta
Koji Nonobe
Toshihide Ibaraki},
  School                   = {Kwansei-Gakuin University, School of Science and Technology, 2-1 Gakuen, Sanda, Japan 669-1337 {ady67525, ibaraki}@kwansei.ac.jp
Hosei University, Faculty of Engineering \& Design 2-17-1 Fujimi, Chiyoda-ku, Tokyo, Japan 102-8160 nonobe@hosei.ac.jp},
  Year                     = {2007},

  Timestamp                = {2015.03.07},
  Url                      = {http://www.cs.qub.ac.uk/itc2007/winner/bestcoursesolutions/Atsuta_et_al.pdf}
}

@Book{Jensen2001,
  Title                    = {Graph Coloring Problems},
  Author                   = {Tommy R. Jensen},
  Editor                   = {Bjarne Toft},
  Publisher                = {John Wiley \& Sons, Inc.},
  Year                     = {2001},

  Timestamp                = {2015.03.03}
}

@Article{Kirkpatrick1983,
  Title                    = {Optimization by Simmulated Annealing},
  Author                   = {Scott Kirkpatrick and
 D. Gelatt Jr. and
 Mario P. Vecchi},
  Journal                  = {Science},
  Year                     = {1983},
  Number                   = {4598},
  Pages                    = {671--680},
  Volume                   = {220},

  Bibsource                = {dblp computer science bibliography, http://dblp.org},
  Biburl                   = {http://dblp.uni-trier.de/rec/bib/journals/science/KirkpatrickGV83},
  Timestamp                = {Sun, 25 Jul 4439965 07:11:28 +ealing}
}

@Article{Lee1996,
  Title                    = {Examination Timetabling: Algorithmic Strategies and Applications},
  Author                   = {Michael W. Carter
Gilbert Laporte
Sau Yan Lee},
  Journal                  = {The Journal of the Operational Research Society},
  Year                     = {1996},

  Timestamp                = {2015.03.05}
}

@Article{Lewis2007,
  Title                    = {A Survey of Metaheuristic-Based Techniques for University Timetabling Problems},
  Author                   = {Rhydian Lewis},
  Journal                  = {OR Spectrum
Volume 30, Issue 1 , pp 167-190},
  Year                     = {2007},

  Timestamp                = {2015.03.03}
}

@Article{Mueller2009,
  Title                    = {{ITC2007} Solver Description: A Hybrid Approach},
  Author                   = {Tom{\'{a}}s M{\"{u}}ller},
  Journal                  = {Annals {OR}},
  Year                     = {2009},
  Number                   = {1},
  Pages                    = {429--446},
  Volume                   = {172},

  Bibsource                = {dblp computer science bibliography, http://dblp.org},
  Biburl                   = {http://dblp.uni-trier.de/rec/bib/journals/anor/Muller09},
  Doi                      = {10.1007/s10479-009-0644-y},
  Timestamp                = {Mon, 08 Apr 4437968 01:53:36 +},
  Url                      = {http://dx.doi.org/10.1007/s10479-009-0644-y}
}

@PhdThesis{Mueller2005,
  Title                    = {Constraint-Based Timetabling},
  Author                   = {Tom{\'{a}}s M{\"{u}}ller},
  School                   = {Charles University in Prague
Faculty of Mathematics and Physics},
  Year                     = {2005},

  Timestamp                = {2015.03.03}
}

@Other{BarryMcCollum2008,
  Title                    = {Setting the Research Agenda in Automated Timetabling: The Second International Timetabling Competition},
  Author                   = {Barry McCollum and
 Andrea Schaerf and 
 Ben Paechter and 
 Paul McMullan and
 Rhyd Lewis and
 Andrew J. Parkes and
 Luca Di Gaspero and
 Rong Qu and
 Edmund K. Burke},
  Url                      = {http://www.cs.qub.ac.uk/itc2007/winner/ITC2007_Background_Techreportv2.pdf},
  Urldate                  = {2015-03-03},
  Year                     = {2008}
}

@Other{McCollum2008,
  Title                    = {Evaluation Function},
  Author                   = {Dr Barry McCollum},
  Timestamp                = {2015.03.03},
  Url                      = {http://www.cs.qub.ac.uk/itc2007/examtrack/exam_track_index_files/examevaluation.htm},
  Year                     = {2008}
}

@Article{Qu2009,
  Title                    = {A Survey of Search Methodologies and Automated System Development for Examination Timetabling},
  Author                   = {Rong Qu and
 Edmund K. Burke and
 Barry McCollum and
 Liam T. G. Merlot and
 S. Y. Lee},
  Journal                  = {J. Scheduling},
  Year                     = {2009},
  Number                   = {1},
  Pages                    = {55--89},
  Volume                   = {12},

  Bibsource                = {dblp computer science bibliography, http://dblp.org},
  Biburl                   = {http://dblp.uni-trier.de/rec/bib/journals/scheduling/QuBMML09},
  Doi                      = {10.1007/s10951-008-0077-5},
  Timestamp                = {Tue, 08 Jan 4434380 22:28:32 +},
  Url                      = {http://dx.doi.org/10.1007/s10951-008-0077-5}
}

@PhdThesis{Rudova2004,
  Title                    = {Conflict-Based Statistics},
  Author                   = {Tom{\'{a}}s M{\"{u}}ller
Roman Barták
Hana Rudová},
  School                   = {Faculty of Mathematics and Physics, Charles University Malostransk´e n´am. 2/25, Prague, Czech Republic},
  Year                     = {2004},

  Timestamp                = {2015.03.03}
}

@Book{Russell2010,
  Title                    = {Artificial Intelligence - {A} Modern Approach {(3.} internat. ed.)},
  Author                   = {Stuart J. Russell and
 Peter Norvig},
  Publisher                = {Pearson Education},
  Year                     = {2010},

  Bibsource                = {dblp computer science bibliography, http://dblp.org},
  Biburl                   = {http://dblp.uni-trier.de/rec/bib/books/daglib/0023820},
  ISBN                     = {978-0-13-207148-2},
  Timestamp                = {Mon, 27 Apr 4427215 05:14:08 +},
  Url                      = {http://vig.pearsoned.com/store/product/1,1207,store-12521_isbn-0136042597,00.html}
}

@Article{Schaerf1999,
  Title                    = {A Survey of Automated Timetabling},
  Author                   = {Andrea Schaerf},
  Journal                  = {Artif. Intell. Rev.},
  Year                     = {1999},
  Number                   = {2},
  Pages                    = {87--127},
  Volume                   = {13},

  Bibsource                = {dblp computer science bibliography, http://dblp.org},
  Biburl                   = {http://dblp.uni-trier.de/rec/bib/journals/air/Schaerf99},
  Doi                      = {10.1023/A:1006576209967},
  Timestamp                = {Thu, 04 Aug 4454231 08:26:08 +ing},
  Url                      = {http://dx.doi.org/10.1023/A:1006576209967}
}

@Other{Smet2007,
  Title                    = {Drools-solver},
  Author                   = {Geoffrey De Smet},
  Timestamp                = {2015.03.07},
  Url                      = {http://www.cs.qub.ac.uk/itc2007/winner/bestexamsolutions/Geoffrey_De_smet_examination_description.pdf},
  Year                     = {2007}
}

@Book{Talbi2009,
  Title                    = {Metaheuristics - From Design to Implementation},
  Author                   = {El{-}Ghazali Talbi},
  Publisher                = {Wiley},
  Year                     = {2009},

  Bibsource                = {dblp computer science bibliography, http://dblp.org},
  Biburl                   = {http://dblp.uni-trier.de/rec/bib/books/daglib/0022645},
  ISBN                     = {978-0-470-27858-1},
  Timestamp                = {Fri, 01 Apr 4457205 12:22:56 +}
}

@Article{Wilson2003,
  Title                    = {Gantt charts: {A} Centenary Appreciation},
  Author                   = {James M. Wilson},
  Journal                  = {European Journal of Operational Research},
  Year                     = {2003},
  Number                   = {2},
  Pages                    = {430--437},
  Volume                   = {149},

  Bibsource                = {dblp computer science bibliography, http://dblp.org},
  Biburl                   = {http://dblp.uni-trier.de/rec/bib/journals/eor/Wilson03},
  Doi                      = {10.1016/S0377-2217(02)00769-5},
  Timestamp                = {Thu, 03 Jan 4431174 06:07:12 +},
  Url                      = {http://dx.doi.org/10.1016/S0377-2217(02)00769-5}
}

@Proceedings{DBLP:conf/hm/2009,
  Title                    = {Hybrid Metaheuristics, 6th International Workshop, {HM} 2009, Udine,
 Italy, October 16-17, 2009. Proceedings},
  Year                     = {2009},
  Editor                   = {Maria J. Blesa and
 Christian Blum and
 Luca Di Gaspero and
 Andrea Roli and
 Michael Sampels and
 Andrea Schaerf},
  Publisher                = {Springer},
  Series                   = {Lecture Notes in Computer Science},
  Volume                   = {5818},

  Bibsource                = {dblp computer science bibliography, http://dblp.org},
  Biburl                   = {http://dblp.uni-trier.de/rec/bib/conf/hm/2009},
  Doi                      = {10.1007/978-3-642-04918-7},
  ISBN                     = {978-3-642-04917-0},
  Timestamp                = {Fri, 14 Mar 4453084 08:53:36 +},
  Url                      = {http://dx.doi.org/10.1007/978-3-642-04918-7}
}

@Proceedings{DBLP:conf/icic/2008-2,
  Title                    = {Advanced Intelligent Computing Theories and Applications. With Aspects
 of Artificial Intelligence, 4th International Conference on Intelligent
 Computing, {ICIC} 2008, Shanghai, China, September 15-18, 2008, Proceedings},
  Year                     = {2008},
  Editor                   = {De{-}Shuang Huang and
 Donald C. Wunsch II and
 Daniel S. Levine and
 Kang{-}Hyun Jo},
  Publisher                = {Springer},
  Series                   = {Lecture Notes in Computer Science},
  Volume                   = {5227},

  Bibsource                = {dblp computer science bibliography, http://dblp.org},
  Biburl                   = {http://dblp.uni-trier.de/rec/bib/conf/icic/2008-2},
  ISBN                     = {978-3-540-85983-3},
  Timestamp                = {Tue, 17 Aug 4432066 05:14:08 +}
}

